@software{Projeto_Jacurutu,
   author={Almeida, Saulo Andrade and Ribeiro, Tatiana de Sousa and da Silva, Mônica Ferreira and Marinho, Élton Carneiro},
   title={Projeto Jacurutu: um modelo guiado para elaboração de trabalhos acadêmicos da UFRJ},
   doi={10.5281/zenodo.16969842},
   url={https://doi.org/10.5281/zenodo.16969842},
   year={2015},
   urldate = {2025-08-31}
}


@manual{ManualSibi2023,
    title={Manual para elaboração e normalização de trabalhos acadêmicos}, 
    author={{SiBI UFRJ}},
    year={2023},
    institution={UFRJ},
    pages={122},
    series={Série Manual de Procedimentos},
    volume={5},
    address={Rio de Janeiro},
    edition={oitava},
    url = {https://www.sibi.ufrj.br/index.php/inicio/700-atualizacao-do-manual-de-trabalhos-academicos-da-ufrj},
    urldate = {2025-09-06}
}

@mastersthesis{DissertacaoElton2015,
    address={Rio de Janeiro, RJ},
    author={Élton Carneiro Marinho},
    pages={99},
    school={Instituto de Matemática, Instituto Tércio Pacciti de Aplicações e Pesquisas Computacionais, Universidade Federal do Rio de Janeiro},
    title={Impacto dos fatores motivacionais na intenção de uso de uma plataforma EaD},
    subtitle={pesquisa multimétodo com alunos do Ensino Médio},
    type={Mestrado em Informática},
    year={2015},
    url={http://objdig.ufrj.br/15/teses/831421.pdf},
    urldate = {2025-09-06}
}


@article{Torralba2008,
    title={80 Million Tiny Images: A Large Data Set for Nonparametric Object and Scene Recognition},
    author={Torralba, Antonio and Fergus, Rob and Freeman, William T.},
    journal={IEEE Transactions on Pattern Analysis and Machine Intelligence},  
    year={2008},
    volume={30},
    number={11},
    pages={1958-1970},
    doi={10.1109/TPAMI.2008.128},
    ISSN={1939-3539},
    month={11}
}

@inproceedings{ApplicationMachineLearning,
    author = {Shinde, Pramila P. and Shah, Seema},
    title = {A Review of Machine Learning and Deep Learning Applications},
    booktitle = {2018 Fourth International Conference on Computing Communication Control and Automation (ICCUBEA)},
    year = {2018},
    doi={10.1109/ICCUBEA.2018.8697857},
    pages={1-6},
    month={8}
}

@book{mohri2018foundations,
    title={Foundations of machine learning},
    author={Mohri, Mehryar},
    year={2018},
    publisher={MIT press}
}
